@article{Riemann1859,
	added-at = {2009-08-02T17:14:35.000+0200},
	author = {Riemann, Bernhard},
	biburl = {https://www.bibsonomy.org/bibtex/28f72e5795345ba499ad8c095a71fe54d/rwst},
	citeulike-article-id = {3147759},
	citeulike-linkout-0 = {http://www.emis.de/classics/Riemann/Zeta.tex},
	description = {my bookmarks from citeulike},
	interhash = {47a0a168ed1966d63b609df387f1b66a},
	intrahash = {8f72e5795345ba499ad8c095a71fe54d},
	journal = {Monatsberichte der Berliner Akademie},
	keywords = {Vor1900 available-in-tex-format mathematics number-theory pre1900},
	pages = {671--680},
	posted-at = {2008-08-22 10:32:48},
	priority = {2},
	timestamp = {2009-08-06T10:42:39.000+0200},
	title = {Ueber die Anzahl der Primzahlen unter einer gegebenen Gr\"{o}sse},
	url = {http://www.emis.de/classics/Riemann/Zeta.tex},
	year = 1859
},
@misc{Goldston2004,
	title={Notes on Pair Correlation of Zeros and Prime Numbers}, 
	author={Goldston, D. A.},
	year={2004},
	eprint={math/0412313},
	archivePrefix={arXiv},
	primaryClass={math.NT},
	url={https://arxiv.org/abs/math/0412313}, 
},
@article{Littlewood1922,
	title = {Researches in the Theory of the Riemann $\zeta$-Function},
	author = {Littlewood, J.E.},
	journal = {Proceedings of the London Mathematical Society, Series 2},
	volume = {20},
	pages = {22-27},
	year = {1922}
}
@misc{rutgernotes,
	title={Lecture Notes in Primes in Short Intervals},
	author={Chanillo, Sagun}

}
@book{Montgomery,
  title={Topics in Multiplicative Number Theory},
  author={Montgomery, H.L.},
  isbn={9783540369356},
  series={Lecture Notes in Mathematics},
  url={https://books.google.com/books?id=tZR8CwAAQBAJ},
  year={2006},
  publisher={Springer Berlin Heidelberg}
}
@article{Huxley1971,
	title = {On the difference between consecutive primes},
	author = {Huxley, M. N.},
	journal = { Inventiones mathematicae},
	volume = {15},
	pages = {164-170},
	year = {1971}
}
@article{Ingham1940,
    author = {Ingham, A. E.},
    title = {On the Estimation of $N(\sigma, T)$},
    journal = {The Quarterly Journal of Mathematics},
    volume = {os-11},
    number = {1},
    pages = {201-202},
    year = {1940},
    month = {01},
    issn = {0033-5606},
    doi = {10.1093/qmath/os-11.1.201},
    url = {https://doi.org/10.1093/qmath/os-11.1.201},
    eprint = {https://academic.oup.com/qjmath/article-pdf/os-11/1/201/4478185/os-11-1-201.pdf},
}
@misc{GM2024,
      title={New large value estimates for Dirichlet polynomials}, 
      author={Larry Guth and James Maynard},
      year={2024},
      eprint={2405.20552},
      archivePrefix={arXiv},
      primaryClass={math.NT},
      url={https://arxiv.org/abs/2405.20552}, 
}

@book{iwaniec,
  title={Analytic Number Theory},
  author={Iwaniec, H. and Kowalski, E.},
  isbn={9781470467708},
  lccn={2004045081},
  series={Colloquium Publications},
  url={https://books.google.com/books?id=6nJJEAAAQBAJ},
  year={2021},
  publisher={American Mathematical Society}
}
